<collection xmlns="http://www.loc.gov/MARC21/slim"><record><leader>00703nam  2200241   450</leader><controlfield tag="001">766</controlfield><controlfield tag="003">http://montalegre.opacnet.com/OPAC/default.aspx?ContentAreaControl=ShowRegHoldings.ascx&amp;RegNo=16662</controlfield><datafield tag="010" ind1=" " ind2=" "><subfield code="a">972-23-3486-7</subfield></datafield><datafield tag="021" ind1=" " ind2=" "><subfield code="a">PT</subfield><subfield code="b">235153/05</subfield></datafield><datafield tag="100" ind1=" " ind2=" "><subfield code="a">20061013d2005----m y0pory0103 ba</subfield></datafield><datafield tag="101" ind1="0" ind2=" "><subfield code="a">por</subfield></datafield><datafield tag="102" ind1=" " ind2=" "><subfield code="a">PT</subfield></datafield><datafield tag="200" ind1="1" ind2=" "><subfield code="a">És o meu segredo</subfield><subfield code="f">Tiago Rebelo</subfield></datafield><datafield tag="205" ind1=" " ind2=" "><subfield code="a">1ª ed</subfield></datafield><datafield tag="210" ind1=" " ind2=" "><subfield code="a">Barcarena</subfield><subfield code="c">Presença</subfield><subfield code="d">2005</subfield></datafield><datafield tag="215" ind1=" " ind2=" "><subfield code="a">189, [3] p.</subfield><subfield code="d">23 cm</subfield></datafield><datafield tag="225" ind1="0" ind2=" "><subfield code="a">Grandes narrativas</subfield><subfield code="v">304</subfield></datafield><datafield tag="606" ind1="1" ind2=" "><subfield code="a">Literatura portuguesa</subfield></datafield><datafield tag="608" ind1=" " ind2=" "><subfield code="a">Romance</subfield></datafield><datafield tag="675" ind1=" " ind2=" "><subfield code="a">821.134.3</subfield></datafield><datafield tag="700" ind1=" " ind2="1"><subfield code="a">Rebelo</subfield><subfield code="b">Tiago</subfield></datafield><datafield tag="801" ind1=" " ind2="0"><subfield code="a">PT</subfield><subfield code="b">Biblioteca Municipal de Montalegre</subfield><subfield code="g">RPC</subfield></datafield><datafield tag="856" ind1=" " ind2=" "><subfield code="u">locateMedia.asp?cod=20060620164941&amp;ext=jpg</subfield><subfield code="z">CAPA</subfield></datafield><datafield tag="909" ind1="&#9;" ind2=" "><subfield code="a">1</subfield></datafield><datafield tag="966" ind1=" " ind2=" "><subfield code="a">0016749</subfield><subfield code="l">BMM</subfield><subfield code="s">SCG 821.134.3 REB és 304</subfield></datafield></record></collection>